@misc{ekstrastats,
    title = {EkstraStats},
    url = {https://ekstrastats.pl}
}

@misc{ekstraklasa,
    title = {Ekstraklasa},
    url = {https://www.ekstraklasa.org}
}

@misc{przepis,
    title = {Duża zmiana w Ekstraklasie stała się faktem. PZPN wprowadził obowiązek gry młodzieżowca!},
    author = {Sport.pl},
    year = {2018},
    journal = {sport.pl},
    url = {https://www.sport.pl/pilka/7,65039,24255185,
    rewolucja-w-ekstraklasie-stala-sie-faktem-pzpn-wprowadzil-obowiazek.html}
}